@misc{motor_video,
  author = {How To Mechatronics},
  title = {Stepper Motors and Arduino - The Ultimate Guide},
  year = {15.05.2022},
  note = {Last accessed 20 January 2025},
  url = {https://www.youtube.com/watch?v=7spK_BkMJys}
}

@misc{github,
  author = {Heinrich Ahrend and Simon Hammer and Jennifer Jaeger and Lina Mehrle},
  title = {Surveillance Camera},
  year = {20.01.2025},
  note = {Last accessed 20 January 2025},
  url = {https://github.com/linamehrle/Surveillance_Camera}
}

@misc{esp_cam_start,
  author = {Playful Technology},
  title = {Programmable Wildlife / Security / Timelapse Camera Projects with an ESP-32 CAM},
  year = {26.04.2021},
  note = {Last accessed 20 January 2025},
  url = {https://www.youtube.com/watch?v=FmlxC0goKew}
}

@misc{esp_cam_pins,
  author = {Rui Santos},
  title = {ESP32-CAM AI-Thinker Pinout Guide: GPIOs Usage Explained},
  note = {Last accessed 20 January 2025},
  url = {https://randomnerdtutorials.com/esp32-cam-ai-thinker-pinout/}
}

@misc{esp_cam_loop,
  author = {Rui Santos},
  title = {Change ESP32-CAM OV2640 Camera Settings: Brightness, Resolution, Quality, Contrast, and More},
  note = {Last accessed 20 January 2025},
  url = {https://randomnerdtutorials.com/esp32-cam-ov2640-camera-settings/}
}

@misc{motio_sensor_guide,
  author = {Motiondesk Instructables},
  title = {How to Use a PIR Motion Sensor With Arduino},
  note = {Last accessed 20 January 2025},
  url = {https://www.instructables.com/How-to-Use-a-PIR-Motion-Sensor-With-Arduino/}
}

@misc{arduino,
  author = {Arduino Store},
  title = {Arduino Uno Rev3},
  note = {Last accessed 20 January 2025},
  url = {https://store.arduino.cc/collections/boards-modules/products/arduino-uno-rev3}
}

@misc{esp32cam,
  author = {BerryBase},
  title = {ESP32-CAM Development Board inkl. OV2640 Kameramodul},
  note = {Last accessed 20 January 2025},
  url = {https://www.berrybase.ch/esp32-cam-development-board-inkl.-ov2640-kameramodul}
}

@misc{programmer,
  author = {Bastelgarage},
  title = {Mini USB UART FTDI Programmer 3.3/5V USB Serial},
  note = {Last accessed 20 January 2025},
  url = {https://www.bastelgarage.ch/mini-usb-uart-ftdi-programmer-3-3-5v-usb-serial-1-147}
}

@misc{stepperMotor,
  author = {StepperOnline},
  title = {E Serie Nema 17 Bipolar 42Ncm(59,49 oz. in) 1,5A 42x42x38mm 4 Dr√§hte},
  note = {Last accessed 20 January 2025},
  url = {https://www.omc-stepperonline.com/de/e-serie-nema-17-bipolar-42ncm-59-49oz-in-1-5a-42x42x38mm-4-draehte-w-1m-kabel-verbinder-17he15-1504s}
}

@misc{driver,
  author = {Bastelgarage},
  title = {DRV8825 Schrittmotor Treiber Stepper Driver Modul},
  note = {Last accessed 20 January 2025},
  url = {https://www.bastelgarage.ch/drv8825-schrittmotor-treiber-stepper-driver-modul}
}

@misc{sensors,
  author = {Bastelgarage},
  title = {HC-SR501 PIR Motion Sensor Module},
  note = {Last accessed 20 January 2025},
  url = {https://www.bastelgarage.ch/hc-sr501-pir-motion-sensor-module}
}